@misc{cohen2009enron,
  title={{Enron email dataset}},
  author={Cohen, W. W.},
  month={August},
  year={2009},
  howpublished = "\url{http://www.cs.cmu.edu/~enron/}"
}

@article{mcpherson2001birds,
  title={{Birds of a feather: Homophily in social networks}},
  author={McPherson, M. and Smith-Lovin, L. and Cook, J. M.},
  journal={Annu. Rev. Sociol.},
  volume={27},
  pages={415--444},
  year={2001}
}

@inproceedings{zhou2007strategies,
  title={{Strategies for cleaning organizational emails with an application to Enron email dataset}},
  author={Zhou, Y. and Goldberg, M. and Magdon-Ismail, M. and Wallace, W. A.},
  booktitle={5th Conf. of North American Association for Computational Social and Organizational Science (NAACSOS 07)},
  year={2007}
}